%%%%%%%%%%%%%%%%%%%%%%%%%%%%%%%%%%%%%%%%%%%%%%%%%%%%%
% When using SModelS for a publication, please cite:
%%%%%%%%%%%%%%%%%%%%%%%%%%%%%%%%%%%%%%%%%%%%%%%%%%%%%
%
% SModelS citations
% ---------------------------
% SModelS proper: \cite{Kraml:2013mwa,Ambrogi:2017neo,Ambrogi:2018ujg,Alguero:2020grj,Alguero:2021dig}
% LLPs in SModelS: \cite{Heisig:2018kfq,Ambrogi:2018ujg,Alguero:2021dig}
% Database: see https://github.com/SModelS/smodels-database-release/blob/master/database.bib
%
% External tools used by SModelS:
% ---------------------------------------------
% PySLHA: \cite{Buckley:2013jua}
% Pythia6.4: \cite{Sjostrand:2006za}
% Pythia8.2: \cite{Sjostrand:2006za,Sjostrand:2014zea}
% NLL-fast: \cite{Beenakker:1996ch,Beenakker:1997ut,Kulesza:2008jb,Kulesza:2009kq,Beenakker:2009ha,Beenakker:2010nq,Beenakker:2011fu}
%
%%%%%%%%%%%%%%%%%%%%%%%%%%%%%%%%%%%%%%%%%%%%%%%%%%%%% 
% database.bib provided in ./smodels-database folder lists all the analyses implemented in the database.
% Please use database.bib and this file for references. 
%%%%%%%%%%%%%%%%%%%%%%%%%%%%%%%%%%%%%%%%%%%%%%%%%%%%% 
 
%%% contains utf-8, see: https://inspirehep.net/info/faq/general#utf8
%%% add \usepackage[utf8]{inputenc} to your latex preamble

%% smodels v2 series
@article{Alguero:2021dig,
    author = {Alguero, Ga\"el and Heisig, Jan and Khosa, Charanjit and Kraml, Sabine and Kulkarni, Suchita and Lessa, Andre and Reyes-Gonz\'alez, Humberto and Waltenberger, Wolfgang and Wongel, Alicia},
    title = "{Constraining new physics with SModelS version 2}",
    eprint = "2112.00769",
    archivePrefix = "arXiv",
    primaryClass = "hep-ph",
    reportNumber = "TTK-21-50",
    month = "12",
    year = "2021"
}

%% pyhf interface to smodels
@article{Alguero:2020grj,
    author = {Alguero, Ga\"el and Kraml, Sabine and Waltenberger, Wolfgang},
    title = "{A SModelS interface for pyhf likelihoods}",
    eprint = "2009.01809",
    archivePrefix = "arXiv",
    primaryClass = "hep-ph",
    doi = "10.1016/j.cpc.2021.107909",
    journal = "Comput. Phys. Commun.",
    volume = "264",
    pages = "107909",
    year = "2021"
}


 %%% SModelS v1.2: manual %%%

@article{Ambrogi:2018ujg,
      author         = "Ambrogi, Federico and others",
      title          = "{SModelS v1.2: long-lived particles, combination of
                        signal regions, and other novelties}",
      year           = "2018",
      eprint         = "1811.10624",
      archivePrefix  = "arXiv",
      primaryClass   = "hep-ph",
      reportNumber   = "CP3-18-65",
      SLACcitation   = "%%CITATION = ARXIV:1811.10624;%%"
}

 %%% SModelS v1.2.0: implementation of long-lived signatures %%%

@article{Heisig:2018kfq,
      author         = "Heisig, Jan and Kraml, Sabine and Lessa, Andre",
      title          = "{Constraining new physics with searches for long-lived
                        particles: Implementation into SModelS}",
      doi            = "10.1016/j.physletb.2018.10.049",
      year           = "2018",
      eprint         = "1808.05229",
      archivePrefix  = "arXiv",
      primaryClass   = "hep-ph",
      reportNumber   = "TTK-18-31",
      SLACcitation   = "%%CITATION = ARXIV:1808.05229;%%"
}

 %%% SModelS v1.1.2: database update %%%

@article{Dutta:2018ioj,
      author         = "Dutta, Juhi and Kraml, Sabine and Lessa, Andre and
                        Waltenberger, Wolfgang",
      title          = "{SModelS extension with the CMS supersymmetry search
                        results from Run 2}",
      journal        = "LHEP",
      volume         = "1",
      year           = "2018",
      number         = "1",
      pages          = "5-12",
      doi            = "10.31526/LHEP.1.2018.02",
      eprint         = "1803.02204",
      archivePrefix  = "arXiv",
      primaryClass   = "hep-ph",
      reportNumber   = "HRI-RECAPP-2018-002",
      SLACcitation   = "%%CITATION = ARXIV:1803.02204;%%"
}

 %%% SModelS v1.1 release %%%
@article{Ambrogi:2017neo,
      author         = "Ambrogi, Federico and Kraml, Sabine and Kulkarni, Suchita
                        and Laa, Ursula and Lessa, Andre and Magerl, Veronika and
                        Sonneveld, Jory and Traub, Michael and Waltenberger,
                        Wolfgang",
      title          = "{SModelS v1.1 user manual}",
      year           = "2017",
      eprint         = "1701.06586",
      archivePrefix  = "arXiv",
      primaryClass   = "hep-ph",
      reportNumber   = "LPSC17001, HEPHY-PUB-981-17",
      SLACcitation   = "%%CITATION = ARXIV:1701.06586;%%"
}

%%% original SModelS paper %%%
@article{Kraml:2013mwa,
      author         = "Kraml, Sabine and Kulkarni, Suchita and Laa, Ursula and
                        Lessa, Andre and Magerl, Wolfgang and Proschofsky, Doris and 
                        Waltenberger, Wolfgang",
      title          = "{SModelS: a tool for interpreting simplified-model
                        results from the LHC and its application to
                        supersymmetry}",
      journal        = "Eur.Phys.J.",
      volume         = "C74",
      pages          = "2868",
      doi            = "10.1140/epjc/s10052-014-2868-5",
      year           = "2014",
      eprint         = "1312.4175",
      archivePrefix  = "arXiv",
      primaryClass   = "hep-ph",
      SLACcitation   = "%%CITATION = ARXIV:1312.4175;%%",
}

%%% original SModelS webpage %%%
@misc{smodels:wiki, 
      note = "{http://smodels.github.io}",
}



%%% Pythia 8.2 %%%
@article{Sjostrand:2014zea,
      author         = "Sj{\"o}strand, Torbj{\"o}rn and Ask, Stefan and Christiansen,
                        Jesper R. and Corke, Richard and Desai, Nishita and Ilten,
                        Philip and Mrenna, Stephen and Prestel, Stefan and
                        Rasmussen, Christine O. and Skands, Peter Z.",
      title          = "{An Introduction to PYTHIA 8.2}",
      journal        = "Comput. Phys. Commun.",
      volume         = "191",
      year           = "2015",
      pages          = "159-177",
      doi            = "10.1016/j.cpc.2015.01.024",
      eprint         = "1410.3012",
      archivePrefix  = "arXiv",
      primaryClass   = "hep-ph",
      reportNumber   = "LU-TP-14-36, MCNET-14-22, CERN-PH-TH-2014-190,
                        FERMILAB-PUB-14-316-CD, DESY-14-178, SLAC-PUB-16122",
      SLACcitation   = "%%CITATION = ARXIV:1410.3012;%%"
}


%%% Pythia 6.4 %%%
@article{Sjostrand:2006za,
      author         = "Sjostrand, Torbjorn and Mrenna, Stephen and Skands, Peter
                        Z.",
      title          = "{PYTHIA 6.4 Physics and Manual}",
      journal        = "JHEP",
      volume         = "0605",
      pages          = "026",
      doi            = "10.1088/1126-6708/2006/05/026",
      year           = "2006",
      eprint         = "hep-ph/0603175",
      archivePrefix  = "arXiv",
      primaryClass   = "hep-ph",
      reportNumber   = "FERMILAB-PUB-06-052-CD-T, LU-TP-06-13",
      SLACcitation   = "%%CITATION = HEP-PH/0603175;%%",
}

%%% NLL-fast citations %%%

@misc{nllfast, 
note = "{http://pauli.uni-muenster.de/\~akule\_01/nllwiki/index.php/NLL-fast}",
}

@article{Beenakker:1996ch,
      author         = "Beenakker, W. and Hopker, R. and Spira, M. and Zerwas,
                        P.M.",
      title          = "{Squark and gluino production at hadron colliders}",
      journal        = "Nucl.Phys.",
      volume         = "B492",
      pages          = "51-103",
      doi            = "10.1016/S0550-3213(97)80027-2",
      year           = "1997",
      eprint         = "hep-ph/9610490",
      archivePrefix  = "arXiv",
      primaryClass   = "hep-ph",
      reportNumber   = "DESY-96-150, CERN-TH-96-215",
      SLACcitation   = "%%CITATION = HEP-PH/9610490;%%",
}

@article{Kulesza:2008jb,
      author         = "Kulesza, A. and Motyka, L.",
      title          = "{Threshold resummation for squark-antisquark and
                        gluino-pair production at the LHC}",
      journal        = "Phys.Rev.Lett.",
      volume         = "102",
      pages          = "111802",
      doi            = "10.1103/PhysRevLett.102.111802",
      year           = "2009",
      eprint         = "0807.2405",
      archivePrefix  = "arXiv",
      primaryClass   = "hep-ph",
      reportNumber   = "DESY-08-096",
      SLACcitation   = "%%CITATION = ARXIV:0807.2405;%%",
}

@article{Kulesza:2009kq,
      author         = "Kulesza, A. and Motyka, L.",
      title          = "{Soft gluon resummation for the production of
                        gluino-gluino and squark-antisquark pairs at the LHC}",
      journal        = "Phys.Rev.",
      volume         = "D80",
      pages          = "095004",
      doi            = "10.1103/PhysRevD.80.095004",
      year           = "2009",
      eprint         = "0905.4749",
      archivePrefix  = "arXiv",
      primaryClass   = "hep-ph",
      reportNumber   = "DESY-09-078, PITHA-09-11",
      SLACcitation   = "%%CITATION = ARXIV:0905.4749;%%",
}

@article{Beenakker:2009ha,
      author         = "Beenakker, Wim and Brensing, Silja and Kramer, Michael
                        and Kulesza, Anna and Laenen, Eric and others",
      title          = "{Soft-gluon resummation for squark and gluino
                        hadroproduction}",
      journal        = "JHEP",
      volume         = "0912",
      pages          = "041",
      doi            = "10.1088/1126-6708/2009/12/041",
      year           = "2009",
      eprint         = "0909.4418",
      archivePrefix  = "arXiv",
      primaryClass   = "hep-ph",
      reportNumber   = "ITP-UU-09-33, NIKHEF-2009-015",
      SLACcitation   = "%%CITATION = ARXIV:0909.4418;%%",
}

@article{Beenakker:2011fu,
      author         = "Beenakker, W. and Brensing, S. and Kramer, M.n and
                        Kulesza, A. and Laenen, E. and others",
      title          = "{Squark and Gluino Hadroproduction}",
      journal        = "Int.J.Mod.Phys.",
      volume         = "A26",
      pages          = "2637-2664",
      doi            = "10.1142/S0217751X11053560",
      year           = "2011",
      eprint         = "1105.1110",
      archivePrefix  = "arXiv",
      primaryClass   = "hep-ph",
      reportNumber   = "DESY-11-060, ITFA-11-09, ITP-UU-11-13, NIKHEF-2011-011,
                        TTK-11-12",
      SLACcitation   = "%%CITATION = ARXIV:1105.1110;%%",
}

@article{Beenakker:1997ut,
      author         = "Beenakker, W. and Kramer, M. and Plehn, T. and Spira, M.
                        and Zerwas, P.M.",
      title          = "{Stop production at hadron colliders}",
      journal        = "Nucl.Phys.",
      volume         = "B515",
      pages          = "3-14",
      doi            = "10.1016/S0550-3213(98)00014-5",
      year           = "1998",
      eprint         = "hep-ph/9710451",
      archivePrefix  = "arXiv",
      primaryClass   = "hep-ph",
      reportNumber   = "DESY-97-214, CERN-TH-97-177, RAL-TR-97-056",
      SLACcitation   = "%%CITATION = HEP-PH/9710451;%%",
}

@article{Beenakker:2010nq,
      author         = "Beenakker, Wim and Brensing, Silja and Kramer, Michael
                        and Kulesza, Anna and Laenen, Eric and others",
      title          = "{Supersymmetric top and bottom squark production at
                        hadron colliders}",
      journal        = "JHEP",
      volume         = "1008",
      pages          = "098",
      doi            = "10.1007/JHEP08(2010)098",
      year           = "2010",
      eprint         = "1006.4771",
      archivePrefix  = "arXiv",
      primaryClass   = "hep-ph",
      reportNumber   = "CERN-PH-TH-2010-142, ITFA-2010-015, ITP-UU-10-17,
                        NIKHEF-2010-016, TTK-10-33",
      SLACcitation   = "%%CITATION = ARXIV:1006.4771;%%",
}

%%% further references %%%

@misc{SLHA-xsections, 
note = "{http://phystev.cnrs.fr/wiki/2013:groups:tools:slha}",
}

@article{Skands:2003cj,
      author         = "Skands, Peter Z. and Allanach, B.C. and Baer, H. and
                        Balazs, C. and Belanger, G. and others",
      title          = "{SUSY Les Houches accord: Interfacing SUSY spectrum
                        calculators, decay packages, and event generators}",
      journal        = "JHEP",
      volume         = "0407",
      pages          = "036",
      doi            = "10.1088/1126-6708/2004/07/036",
      year           = "2004",
      eprint         = "hep-ph/0311123",
      archivePrefix  = "arXiv",
      primaryClass   = "hep-ph",
      reportNumber   = "LU-TP-03-39, SHEP-03-24, CERN-TH-2003-204, ZU-TH-15-03,
                        LMU-19-03, DCPT-03-108, IPPP-03-54, CTS-IISC-2003-07,
                        DESY-03-166, MPP-2003-111",
      SLACcitation   = "%%CITATION = HEP-PH/0311123;%%",
}

@article{Alwall:2006yp,
      author         = "Alwall, Johan and Ballestrero, A. and Bartalini, P. and
                        Belov, S. and Boos, E. and others",
      title          = "{A Standard format for Les Houches event files}",
      journal        = "Comput.Phys.Commun.",
      volume         = "176",
      pages          = "300-304",
      doi            = "10.1016/j.cpc.2006.11.010",
      year           = "2007",
      eprint         = "hep-ph/0609017",
      archivePrefix  = "arXiv",
      primaryClass   = "hep-ph",
      reportNumber   = "FERMILAB-PUB-06-337-T, CERN-LCGAPP-2006-03",
      SLACcitation   = "%%CITATION = HEP-PH/0609017;%%",
}

@article{Buckley:2013jua,
      author         = "Buckley, Andy",
      title          = "{PySLHA: a Pythonic interface to SUSY Les Houches Accord
                        data}",
      year           = "2013",
      eprint         = "1305.4194",
      archivePrefix  = "arXiv",
      primaryClass   = "hep-ph",
      reportNumber   = "MCNET-13-06",
      SLACcitation   = "%%CITATION = ARXIV:1305.4194;%%",
}



